<?xml version="1.0" encoding="UTF-8"?><collection xmlns="http://www.loc.gov/MARC21/slim"><record><leader>00434nam--2200181-u-4500</leader><controlfield tag="001">000056389</controlfield><controlfield tag="002">20161230</controlfield><controlfield tag="005">20161230201052</controlfield><controlfield tag="008">150812s1000------------r-----000-0-rus-d</controlfield><datafield ind1=" " ind2=" " tag="040"><subfield code="a">IFIN-HH</subfield></datafield><datafield ind1=" " ind2=" " tag="041"><subfield code="a">rus</subfield></datafield><datafield ind1=" " ind2=" " tag="080"><subfield code="a">53(038)</subfield></datafield><datafield ind1="1" ind2=" " tag="100"><subfield code="a">Gofman, Iu.V</subfield></datafield><datafield ind1="1" ind2="0" tag="245"><subfield code="a">Zakoni, formuli, zadaci fiziki</subfield><subfield code="c">Iu.v. gofman</subfield></datafield><datafield ind1=" " ind2=" " tag="260"><subfield code="a">Kiev</subfield><subfield code="b">Naukova Dumka</subfield><subfield code="c">1977</subfield></datafield><datafield ind1=" " ind2=" " tag="300"><subfield code="a">572P</subfield></datafield><datafield ind1=" " ind2=" " tag="852"><subfield code="a">76141</subfield><subfield code="c">53</subfield></datafield><datafield ind1=" " ind2=" " tag="CAT"><subfield code="a">Sys</subfield><subfield code="c">20150812</subfield><subfield code="h">140554</subfield></datafield></record></collection>